@online{aalpha_document_2022,
  title = {How to Develop Document Generation Software, Its Features and Benefits},
  author = {Alpha, A.},
  year = {2022},
  url = {https://www.aalpha.net/blog/how-to-develop-document-generation-software/},
  urldate = {2025-06-28}
}

@online{typst_docs_latex,
  title = {Typst: A markup-based typesetting system},
  author = {Typst},
  organization = {Typst Documentation},
  url = {https://typst.app/docs/guides/guide-for-latex-users/},
  urldate = {2025-06-28}
}

@online{lovin_typst_2023,
  title = {Typst as an easy to learn alternative for LaTeX, user experiences and comparisons},
  author = {Lovin, Brian},
  year = {2023},
  url = {https://brianlovin.com/hn/41014941},
  urldate = {2025-06-28}
}

@online{typst_architecture,
  title = {Typst Architecture},
  organization = {GitHub},
  author = {Typst},
  url = {https://github.com/typst/typst/blob/main/docs/dev/architecture.md},
  urldate = {2025-06-29}
}

@online{typst_docs_formatting,
  title = {Formatting},
  organization = {Typst Documentation},
  author = {Typst},
  url = {https://typst.app/docs/tutorial/formatting/},
  urldate = {2025-06-28}
}

@online{udacity_responsive_2024,
  title = {The 10 Key Principles of Responsive Web Design: A Beginner's Guide},
  author = {Udacity},
  organization = {Udacity},
  year = {2024},
  url = {https://www.udacity.com/blog/2024/07/the-10-key-principles-of-responsive-web-design-a-beginners-guide.html},
  urldate = {2025-06-28}
}

@online{webflow_responsive_2023,
  title = {What is Responsive Web Design? Key Terms & Best Practices},
  author = {Webflow},
  organization = {Webflow},
  year = {2023},
  url = {https://webflow.com/blog/responsive-web-design},
  urldate = {2025-06-28}
}

@online{magnet_tailwind_2023,
  title = {What is Tailwind CSS? Features, Uses, Pros and Cons},
  author = {Magnet.co},
  organization = {Magnet.co},
  year = {2023},
  url = {https://magnet.co/technologies/tailwind-css},
  urldate = {2025-06-28}
}

@online{geekster_tailwind_responsive_2023,
  title = {Responsive Design in Tailwind CSS},
  author = {Geekster},
  organization = {Geekster},
  year = {2023},
  url = {https://www.geekster.in/articles/responsive-design-in-tailwind/},
  urldate = {2025-06-28}
}

@online{tailwind_docs_custom_styles,
  title = {Adding Custom Styles},
  author = {Tailwind CSS},
  organization = {Tailwind CSS Documentation},
  url = {https://tailwindcss.com/docs/adding-custom-styles},
  urldate = {2025-06-29}
}

@online{wikipedia_unit_testing,
  title = {Unit Testing},
  author = {Wikipedia},
  organization = {Wikipedia},
  url = {https://en.wikipedia.org/wiki/Unit_testing},
  urldate = {2025-06-28}
}

@online{codefresh_unit_testing_2024,
  title = {What are the 4 Principles of Unit Testing?},
  author = {Codefresh},
  organization = {Codefresh},
  year = {2024},
  url = {https://codefresh.io/learn/unit-testing/},
  urldate = {2025-06-28}
}

@online{incubyte_vitest_rtl_2023,
  title = {Vitest with React Testing Library: A Modern Approach to Testing React Apps},
  author = {Incubyte},
  organization = {Incubyte Blog},
  year = {2023},
  url = {https://blog.incubyte.co/blog/vitest-react-testing-library-guide/},
  urldate = {2025-06-28}
}

@online{teshome_vitest_rtl_2023,
  title = {React Testing Library with Vitest: The Basics Explained},
  author = {Teshome, Mussie},
  year = {2023},
  url = {https://medium.com/@MussieTeshome/react-testing-library-with-vitest-the-basics-explained-d583e62945fd},
  urldate = {2025-06-28}
}

@online{wieruch_vitest_rtl_2024,
  title = {How to Unit Test React Components with Vitest and React Testing Library},
  author = {Wieruch, Robin},
  year = {2024},
  url = {https://www.robinwieruch.de/vitest-react-testing-library/},
  urldate = {2025-06-29}
}

@online{ignatovich_rtl_best_practices_2023,
  title = {Best Practices for Using React Testing Library},
  author = {Ignatovich, Dmitry},
  year = {2023},
  url = {https://medium.com/@ignatovich.dm/best-practices-for-using-react-testing-library-0f71181bb1f4},
  urldate = {2025-06-28}
}